% LIVROS

@BOOK{bib:livro-nome,
  title = {Título},
  publisher = {Editora},
  year = {2016},
  author = {Autor Primeiro and Autor Segundo},
  url = {http://example.com/url/para/acesso/se/disponivel/livro.pdf},
  urlaccessdate = {12 abr. 2016}
}

% ARTIGOS

@MISC{bib:artigo-nome,
  author = {Nome Autor},
  title = {Título Artigo},
  date = {ago. 2016},
  year = {2016},
  url = {http://example.com/link-para-o-artigo},
  urlaccessdate = {9 out. 2016}
}

% APRESENTACAO

@MISC{bib:apresentacao-nome,
  author = {Autor},
  title = {Título},
  year = {2015},
  note = {Disponível em: \url{http://example.com/slides.pdf} e \url{http://www.example.com/video-url&t=17m42s}},
  urlaccessdate = {06 nov. 2016}
}

% ENTREVISTAS

@MISC{bib:entrevista-nome,
  title = {Título},
  date = {29 jul. 2016},
  year = {2016},
  organization = {Exemplo Entrevista},
  url = {http://example.com/link-para-a-entrevista},
  urlaccessdate = {10 out. 2016}
}

% NOTICIAS

@MISC{bib:noticia-nome,
  author = {Autor},
  title = {Título},
  date = {3 nov. 2014},
  year = {2014},
  url = {http://example.com/2014/11/03/titulo},
  urlaccessdate = {13 out. 2016}
}

% SITES

@MISC{bib:site-nome,
  title = {Titulo},
  year = {2016},
  organization = {Exemplo Site},
  url = {http://example.com},
  urlaccessdate = {24 set. 2016}
}
