% LIVROS

@BOOK{bib:princeton-book,
  title = {Bitcoin and Cryptocurrency Technologies},
  publisher = {Princeton University Press},
  year = {2016},
  author = {Arvind Narayanan and Joseph Bonneau and Edward Felten and Andrew Miller and Steven Goldfeder},
  url = {https://d28rh4a8wq0iu5.cloudfront.net/bitcointech/readings/princeton_bitcoin_book.pdf},
  urlaccessdate = {12 abr. 2016},
  note = {No prelo}
}

@BOOK{bib:fernando-ulrich,
  title = {Bitcoin -- a moeda na era digital},
  publisher = {Instituto Ludwig von Mises Brasil},
  year = {2014},
  author = {Fernando Ulrich},
  url = {http://www.mises.org.br/Ebook.aspx?id=99},
  urlaccessdate = {12 abr. 2016}
}

@BOOK{bib:bitcoinbook,
  title = {Mastering Bitcoin},
  publisher = {O'Reilly Media},
  year = {2015},
  author = {Andreas M. Antonopoulos},
  url = {https://github.com/bitcoinbook/bitcoinbook},
  urlaccessdate = {12 abr. 2016}
}

% ARTIGOS

@MISC{bib:mike-hearn,
  author = {Mike Hearn},
  title = {The resolution of the Bitcoin experiment},
  date = {14 jan. 2016},
  year = {2016},
  url = {https://medium.com/@octskyward/the-resolution-of-the-bitcoin-experiment-dabb30201f7},
  urlaccessdate = {12 abr. 2016}
}

@MISC{bib:anonimidade,
  author = {Sarah Meiklejohn and Marjori Pomarole and Grant Jordan and Kirill
	Levchenko and Damon McCoy and Geoffrey M. Voelker and Stefan Savage},
  title = {A Fistful of Bitcoins: Characterizing Payments Among Men with No
	Names},
  year = {2013},
  url = {https://cseweb.ucsd.edu/~smeiklejohn/files/imc13.pdf},
  urlaccessdate = {13 abr. 2016}
}

@MISC{bib:fmi,
  author = {Dong He and Karl Habermeier and Ross Leckow and Vikram Haksar and Yasmin Almeida and Mikari Kashima and Nadim Kyriakos-Saad and Hiroko Oura and Tahsin Saadi Sedik and Natalia Stetsenko and Concepcion Verdugo-Yepes},
  title = {Virtual Currencies and Beyond: Initial Considerations},
  date = {jan. 2016},
  year = {2016},
  publisher = {International Monetary Fund},
  url = {https://www.imf.org/external/pubs/ft/sdn/2016/sdn1603.pdf},
  urlaccessdate = {12 abr. 2016}
}

@MISC{bib:satoshi,
  author = {Satoshi Nakamoto},
  title = {Bitcoin: A Peer-to-Peer Electronic Cash System},
  year = {2008},
  url = {https://bitcoin.org/bitcoin.pdf},
  urlaccessdate = {12 abr. 2016}
}

@MISC{bib:lightning-network,
  author = {Joseph Poon and Thaddeus Dryja},
  title = {The Bitcoin Lightning Network: Scalable Off-Chain Instant Payments},
  year = {2016},
  note = {Disponível em: \url{https://lightning.network/lightning-network-paper.pdf} e \url{https://www.youtube.com/watch?v=8zVzw912wPo}},
  urlaccessdate = {06 mai. 2016}
}

@MISC{bib:fee-market,
  author = {Peter R. Rizun},
  title = {A Transaction Fee Market Exists Without a Block Size Limit},
  year = {2015},
  note = {Disponível em: \url{https://scalingbitcoin.org/papers/feemarket.pdf} e \url{https://www.youtube.com/watch?v=ad0Pjj_ms2k}},
  urlaccessdate = {05 mai. 2016}
}

@MISC{bib:mini-blockchain,
  author = {J. D. Bruce},
  title = {The Mini-Blockchain Scheme},
  year = {2014},
  url = {http://cryptonite.info/files/mbc-scheme-rev2.pdf},
  urlaccessdate = {06 mai. 2016}
}

% APRESENTACAO

@MISC{bib:flexcap,
  author = {Mark Friedenbach},
  title = {A flexible limit: trading subsidy for larger blocks},
  year = {2015},
  note = {Disponível em: \url{https://scalingbitcoin.org/hongkong2015/presentations/DAY2/3_tweaking_the_chain_2_friedenbach.pdf} e \url{https://www.youtube.com/watch?v=vfIs_trEhao&t=35m45s}},
  urlaccessdate = {06 mai. 2016}
}

@MISC{bib:segwit,
  author = {Pieter Wuille},
  title = {Segregated Witness for Bitcoin},
  year = {2015},
  note = {Disponível em: \url{https://prezi.com/lyghixkrguao/segregated-witness-and-deploying-it-for-bitcoin} e \url{https://www.youtube.com/watch?v=fst1IK_mrng&t=37m12s}},
  urlaccessdate = {30 mai. 2016}
}

% ENTREVISTAS

@MISC{bib:entrevista-andreas,
  title = {Andreas M. Antonopoulos},
  date = {11 fev. 2016},
  year = {2016},
  organization = {The Tatiana Show},
  url = {https://www.youtube.com/watch?v=M_9mCGWIxp4#t=18m07s},
  urlaccessdate = {12 abr. 2016}
}

% NOTICIAS

@MISC{bib:investimentos,
  author = {Jose Pagliery},
  title = {Record \$1 billion invested in Bitcoin firms so far},
  date = {3 nov. 2015},
  year = {2015},
  url = {http://money.cnn.com/2015/11/02/technology/bitcoin-1-billion-invested},
  urlaccessdate = {13 abr. 2016}
}

@MISC{bib:escalabilidade-noticia,
  author = {Jonathan Chester},
  title = {Is Bitcoin Dead? \$1 Billion In Startup Investment Says No},
  date = {21 jan. 2016},
  year = {2016},
  url = {http://www.forbes.com/sites/jonathanchester/2016/01/21/is-bitcoin-dead-1-billion-says-no},
  urlaccessdate = {13 abr. 2016}
}

@MISC{bib:atencao-investidores,
  author = {Hannes Grassegger},
  title = {My Wet and Wild Bitcoin Weekend On Richard Branson's Island Refuge},
  date = {8 mar. 2016},
  year = {2016},
  url = {http://motherboard.vice.com/read/bitcoin-blockchain-summit-with-richard-branson-on-necker-island},
  urlaccessdate = {12 abr. 2016}
}

% SITES

@MISC{bib:historyofbitcoin,
  title = {The Complete History of Bitcoin [Timeline]},
  year = {2016},
  organization = {Bitcoin History},
  url = {http://historyofbitcoin.org},
  urlaccessdate = {12 abr. 2016}
}
